@misc{who,
  author = {Adhanom Ghebreyesus},
  title = {{WHO Director-General’s Opening Remarks at the Media Briefing on COVID-19}},
  howpublished = ". Disponível em: \url{https://www.who.int/dg/speeches/detail/who-director-general-s-openingremarks-at-the-media-briefing-on-covid-19---11-march-2020}. Acesso em: 10/09/2021",
  year = {2020}
}

@article{biopolitica,
  title={Biopol{\'\i}tica e Educa{\c{c}}{\~a}o: os impactos da pandemia do covid-19 nas escolas p{\'u}blicas},
  author={de Jesus Pereira, Alexandre and Narduchi, F{\'a}bio and de Miranda, Maria Geralda},
  journal={Revista Augustus},
  volume={25},
  number={51},
  pages={219--236},
  year={2020}
}

@article{compassionate,
  title={Compassionate flexibility and self-discipline: Student adaptation to emergency remote teaching in an integrated engineering energy course during COVID-19},
  author={Gelles, Laura A and Lord, Susan M and Hoople, Gordon D and Chen, Diana A and Mejia, Joel Alejandro},
  journal={Education Sciences},
  volume={10},
  number={11},
  pages={304},
  year={2020},
  publisher={Multidisciplinary Digital Publishing Institute}
}

@article{positives,
  title={Positives, Negatives, and Opportunities Arising in the Undergraduate Experience During the COVID-19 Pandemic},
  author={Mucci-Ferris, Madison and Grabsch, Dustin K and Bobo, Amanda},
  journal={Journal of College Student Development},
  volume={62},
  number={2},
  pages={203--218},
  year={2021},
  publisher={Johns Hopkins University Press}
}

@article{gomez2013lessons,
  title={Lessons from international students’ reaction to the 2011 Great East Japan Earthquake: The case of the School of Engineering at Tohoku University},
  author={G{\'o}mez, Oscar A},
  journal={International Journal of Disaster Risk Science},
  volume={4},
  number={3},
  pages={137--149},
  year={2013},
  publisher={Springer}
}

@article{dicarlo2007survival,
  title={Survival and recovery: Maintaining the educational mission of the Louisiana State University School of Medicine in the aftermath of Hurricane Katrina},
  author={DiCarlo, Richard P and Hilton, Charles W and Chauvin, Sheila W and Delcarpio, Joseph B and Lopez, Fred A and McClugage, Samuel G and Letourneau, Janis G and Smith, Ronnie and Hollier, Larry H},
  journal={Academic medicine},
  volume={82},
  number={8},
  pages={745--756},
  year={2007},
  publisher={LWW}
}

@article{czerniewicz2019online,
  title={Online teaching in response to student protests and campus shutdowns: academics’ perspectives},
  author={Czerniewicz, Laura and Trotter, Henry and Haupt, Genevieve},
  journal={International Journal of Educational Technology in Higher Education},
  volume={16},
  number={1},
  pages={1--22},
  year={2019},
  publisher={Springer}
}

@article{schweber2008determined,
  title={Determined to Learn: Accessing Education despite Life-Threatening Disasters.},
  author={SchWeber, Claudine},
  journal={Journal of Asynchronous Learning Networks},
  volume={12},
  number={1},
  pages={37--43},
  year={2008},
  publisher={ERIC}
}

@article{van2010university,
  title={University life and pandemic influenza: Attitudes and intended behaviour of staff and students towards pandemic (H1N1) 2009},
  author={Van, Debbie and McLaws, Mary-Louise and Crimmins, Jacinta and MacIntyre, C Raina and Seale, Holly},
  journal={BMC Public Health},
  volume={10},
  number={1},
  pages={1--9},
  year={2010},
  publisher={Springer}
}

@misc{timeline,
  author = {Bryson Taylor},
  title = {{ A Timeline of the Coronavirus Pandemic}},
  howpublished = ". Disponível em: \url{https://www.nytimes.com/ article/coronavirus-timeline.html}. Acesso em: 10/09/2021",
  year = {2020}
}

@article{mackey2012blended,
  title={Blended learning for academic resilience in times of disaster or crisis},
  author={Mackey, Julie and Gilmore, Fiona and Dabner, Nicki and Breeze, Des and Buckley, Philippa},
  year={2012}
}

@article{swartz2018care,
  title={To care or not to care--reflections on the ethics of blended learning in times of disruption},
  author={Swartz, BC and Gachago, D and Belford, C},
  journal={South African Journal of Higher Education},
  volume={32},
  number={6},
  pages={49--64},
  year={2018},
  publisher={Higher Education South Africa (HESA)}
}

@inproceedings{duong2020ivory,
  title={The ivory tower lost: How college students respond differently than the general public to the covid-19 pandemic},
  author={Duong, Viet and Luo, Jiebo and Pham, Phu and Yang, Tongyu and Wang, Yu},
  booktitle={2020 IEEE/ACM International Conference on Advances in Social Networks Analysis and Mining (ASONAM)},
  pages={126--130},
  year={2020},
  organization={IEEE}
}

@article{petillion2020student,
  title={Student experiences of emergency remote teaching: Impacts of instructor practice on student learning, engagement, and well-being},
  author={Petillion, Riley J and McNeil, W Stephen},
  journal={Journal of Chemical Education},
  volume={97},
  number={9},
  pages={2486--2493},
  year={2020},
  publisher={ACS Publications}
}

@article{cao2020psychological,
  title={The psychological impact of the COVID-19 epidemic on college students in China},
  author={Cao, Wenjun and Fang, Ziwei and Hou, Guoqiang and Han, Mei and Xu, Xinrong and Dong, Jiaxin and Zheng, Jianzhong},
  journal={Psychiatry research},
  volume={287},
  pages={112934},
  year={2020},
  publisher={Elsevier}
}

@article{toti2021,
  title={Computer Science Students’ Perceptions of Emergency Remote Teaching: An Experience Report},
  author={Toti, Giulia and Alipour, Mohammad Amin},
  journal={SN Computer Science},
  volume={2},
  number={5},
  pages={1--9},
  year={2021},
  publisher={Springer}
}

@article{zimmerman2016online,
  title={Online learning self-efficacy in students with and without online learning experience},
  author={Zimmerman, Whitney Alicia and Kulikowich, Jonna M},
  journal={American Journal of Distance Education},
  volume={30},
  number={3},
  pages={180--191},
  year={2016},
  publisher={Taylor \& Francis}
}

@article{fedynich2013teaching,
  title={Teaching beyond the classroom walls: The pros and cons of cyber learning.},
  author={Fedynich, La Vonne},
  journal={Journal of Instructional Pedagogies},
  volume={13},
  year={2013},
  publisher={ERIC}
}

@article{adnan2020online,
  title={Online Learning amid the COVID-19 Pandemic: Students' Perspectives.},
  author={Adnan, Muhammad and Anwar, Kainat},
  journal={Online Submission},
  volume={2},
  number={1},
  pages={45--51},
  year={2020},
  publisher={ERIC}
}

@article{dhawan2020online,
  title={Online learning: A panacea in the time of COVID-19 crisis},
  author={Dhawan, Shivangi},
  journal={Journal of Educational Technology Systems},
  volume={49},
  number={1},
  pages={5--22},
  year={2020},
  publisher={Sage Publications Sage CA: Los Angeles, CA}
}

@inproceedings{maltby2000learning,
  title={Learning programming online: Student perceptions and performance},
  author={Maltby, John R and Whittle, Jan},
  booktitle={Proceedings of the ASCILITE 2000 Conference},
  year={2000},
  organization={Citeseer}
}

@incollection{efron1992bootstrap,
  title={Bootstrap methods: another look at the jackknife},
  author={Efron, Bradley},
  booktitle={Breakthroughs in statistics},
  pages={569--593},
  year={1992},
  publisher={Springer}
}
